
@article{deroseDroughtdrivenDisturbanceHistory2012,
	title = {Drought-driven disturbance history characterizes a southern {Rocky} {Mountain} subalpine forest},
	volume = {42},
	journal = {Canadian Journal of Forest Research},
	author = {DeRose, R.J. and Long, J.N.},
	year = {2012},
	pages = {1649--1660}
}

@article{hartDroughtInducesSpruce2014,
	title = {Drought induces spruce beetle ({Dendroctonus} rufipennis) outbreaks across northwestern {Colorado}},
	volume = {95},
	journal = {Ecology},
	author = {Hart, S.J. and Veblen, T.T. and Eisenhart, K.S. and Jarvis, D. and Kulakowski, D.},
	year = {2014},
	pages = {930--939}
}

@article{hartTreeStandlevelAttributes2014,
	title = {Do tree and stand-level attributes determine susceptibility of spruce-fir forests to spruce beetle outbreak in the early 21st century?},
	volume = {318},
	journal = {Forest Ecology and Management},
	author = {Hart, S.J. and Veblen, T.T. and Kulakowski, D.},
	year = {2014},
	pages = {44--53}
}

@article{geiszlerBarkBeetleInfestations1984,
	title = {Bark beetle infestations of lodgepole pine following a fire in south central {Oregon}},
	volume = {98},
	number = {1-5},
	journal = {Zitschrift fur Angewandte Entomologie},
	author = {Geiszler, D.R. and Gara, D.R. and Littke, W.R.},
	year = {1984},
	pages = {389--394}
}

@article{fengExpansionGlobalDrylands2013,
	title = {Expansion of global drylands under a warming climate},
	volume = {13},
	journal = {Atmospheric Chemistry and Physics},
	author = {Feng, S. and Fu, Q.},
	year = {2013},
	pages = {10081--10094}
}

@article{botkinEcologicalConsequencesComputer1972,
	title = {Some {Ecological} {Consequences} of a {Computer} {Model} of {Forest} {Growth}},
	volume = {60},
	issn = {00220477},
	url = {http://www.jstor.org/stable/2258570?origin=crossref},
	doi = {10.2307/2258570},
	number = {3},
	urldate = {2015-10-19},
	journal = {The Journal of Ecology},
	author = {Botkin, D.B. and Janak, James F. and Wallis, James R.},
	month = nov,
	year = {1972},
	pages = {849},
	file = {Botkin1972.pdf:/Users/adriannafoster/Documents/Papers To Read/Botkin1972.pdf:application/pdf}
}

@article{wigmostaDistributedHydrologyvegetationModel1994,
	title = {A distributed hydrology-vegetation model for complex terrain},
	volume = {30},
	number = {6},
	journal = {Water Resources Research},
	author = {Wigmosta, M.S. and Vail, L.W. and Lettenmaier, D.P.},
	year = {1994},
	pages = {1665--1679}
}

@article{rasmussenBarkBeetleWood1996,
	title = {Bark beetle and wood borer infestation in the greater {Yellowstone} area during four postfire years},
	journal = {USDA Forest Service Research Paper INT-RP-487. Intermountain Research Station, Ogden, UT},
	author = {Rasmussen, L.A. and Amman, G.D. and Vandygriff, J.C. and Oakes, R.D. and Munson, A.S. and Gibson, K.E.},
	year = {1996}
}

@article{pastorSuccessionalChangesNitrogen1987,
	title = {Successional changes in nitrogen availability as a potential factor contributing to spruce declines in boreal {North} {America}},
	volume = {17},
	journal = {Canadian Journal of Forest Research},
	author = {Pastor, J. and Gardner, R.H. and Dale, V.H. and Post, W.M.},
	year = {1987},
	pages = {1394--1400}
}

@article{hansenTemperaturebasedModelPredicting2001,
	title = {Temperature-based model for predicting univoltine brood proportions in spruce beetle ({Coleoptera}: {Scolytidae})},
	volume = {133},
	number = {6},
	journal = {Canadian Entomologist},
	author = {Hansen, E.M. and Bentz, B.J. and Turner, D.L.},
	year = {2001},
	pages = {827--841},
	file = {Temperature-Based Model for Predicting Univoltine Brood Proportio.pdf:/Users/adriannafoster/Documents/Papers To Read/Papers Read/Temperature-Based Model for Predicting Univoltine Brood Proportio.pdf:application/pdf}
}

@article{wichmannSpreadIpsTypographus2001,
	title = {The spread of {Ips} typographus ({L}.)({Coleoptera}, {Scolytidae}) attacks following heavy windthrow in {Denmark}, analysed using {GIS}},
	volume = {148},
	url = {http://www.sciencedirect.com/science/article/pii/S0378112700004771},
	number = {1},
	urldate = {2015-10-20},
	journal = {Forest Ecology and Management},
	author = {Wichmann, Lars and Ravn, Hans Peter},
	year = {2001},
	pages = {31--39},
	file = {1-s2.0-S0378112700004771-main.pdf:/Users/adriannafoster/Documents/Papers To Read/1-s2.0-S0378112700004771-main.pdf:application/pdf}
}

@article{veblenDisturbanceRegimeDisturbance1994,
	title = {Disturbance {Regime} and {Disturbance} {Interactions} in a {Rocky} {Mountain} {Subalpine} {Forest}},
	volume = {82},
	issn = {00220477},
	url = {http://www.jstor.org/stable/2261392?origin=crossref},
	doi = {10.2307/2261392},
	number = {1},
	urldate = {2015-10-20},
	journal = {The Journal of Ecology},
	author = {Veblen, Thomas T. and Hadley, Keith S. and Nel, Elizabeth M. and Kitzberger, Thomas and Reid, Marion and Villalba, Ricardo},
	year = {1994},
	pages = {125}
}

@techreport{schmidSpruceBeetleRockies1977,
	address = {Fort Collins, CO},
	type = {General {Technical} {Report}},
	title = {Spruce beetle in the {Rockies}},
	url = {http://digitalcommons.usu.edu/barkbeetles/86/},
	number = {RM-49},
	urldate = {2015-10-20},
	institution = {USDA Forest Service Rocky Mountain Research Station},
	author = {Schmid, J. M. and Frye, Robert H.},
	year = {1977},
	pages = {40},
	file = {Spruce Beetle in the Rockies.pdf:/Users/adriannafoster/Documents/Papers To Read/Papers Read/Spruce Beetle in the Rockies.pdf:application/pdf}
}

@article{hansenPrepupalDiapauseInstar2011,
	title = {Prepupal diapause and instar {IV} developmental rates of the spruce beetle, {Dendroctonus} rufipennis ({Coleoptera}: {Curculionidae}, {Scolytinae})},
	volume = {57},
	issn = {00221910},
	shorttitle = {Prepupal diapause and instar {IV} developmental rates of the spruce beetle, {Dendroctonus} rufipennis ({Coleoptera}},
	url = {http://linkinghub.elsevier.com/retrieve/pii/S0022191011001892},
	doi = {10.1016/j.jinsphys.2011.06.011},
	language = {en},
	number = {10},
	urldate = {2015-10-20},
	journal = {Journal of Insect Physiology},
	author = {Hansen, E.M. and Bentz, Barbara J. and Powell, James A. and Gray, David R. and Vandygriff, James C.},
	month = oct,
	year = {2011},
	pages = {1347--1357},
	file = {Hansenetal2011.pdf:/Users/adriannafoster/Documents/Papers To Read/Papers Read/Hansenetal2011.pdf:application/pdf}
}

@article{sherriffClimateVariabilitySpruce2011,
	title = {Climate variability and spruce beetle ({Dendroctonus} rufipennis) outbreaks in south-central and southwest {Alaska}},
	volume = {92},
	url = {http://www.esajournals.org/doi/abs/10.1890/10-1118.1},
	number = {7},
	urldate = {2015-10-19},
	journal = {Ecology},
	author = {Sherriff, Rosemary L. and Berg, Edward E. and Miller, Amy E.},
	year = {2011},
	pages = {1459--1470},
	file = {10-1118%2E1.pdf:/Users/adriannafoster/Documents/Papers To Read/Papers Read/10-1118%2E1.pdf:application/pdf}
}

@article{frankEcosystemCOFluxes2014,
	title = {Ecosystem {CO} $_{\textrm{2}}$ /{H} $_{\textrm{2}}$ {O} fluxes are explained by hydraulically limited gas exchange during tree mortality from spruce bark beetles: {CO} $_{\textrm{2}}$ /{H} $_{\textrm{2}}$ {O} {FLUX} {EXPLAINED} {FROM} {DISTURBANCE}},
	volume = {119},
	issn = {21698953},
	shorttitle = {Ecosystem {CO} $_{\textrm{2}}$ /{H} $_{\textrm{2}}$ {O} fluxes are explained by hydraulically limited gas exchange during tree mortality from spruce bark beetles},
	url = {http://doi.wiley.com/10.1002/2013JG002597},
	doi = {10.1002/2013JG002597},
	language = {en},
	number = {6},
	urldate = {2015-10-19},
	journal = {Journal of Geophysical Research: Biogeosciences},
	author = {Frank, John M. and Massman, William J. and Ewers, Brent E. and Huckaby, Laurie S. and Negrón, José F.},
	month = jun,
	year = {2014},
	pages = {1195--1215},
	file = {jgrg20219.pdf:/Users/adriannafoster/Documents/Papers To Read/jgrg20219.pdf:application/pdf}
}

@article{furnissChronologyCharacteristicsDouglasfir1979,
	title = {Chronology and characteristics of a {Douglas}-fir beetle outbreak in northern {Idaho}. {USDA} {Forest} {Service} {General} {Technical} {Report} {INT}-59.},
	journal = {Intermountain Forest and Range Experiment Station, Ogden, UT.},
	author = {Furniss, M.M. and McGregor, M.D. and Foiles, M.W. and Partridge, A.D.},
	year = {1979},
	pages = {19}
}

@article{negronProbabilityInfestationExtent1998,
	title = {Probability of infestation and extent of mortality associated with the {Douglas}-fir beetle in the {Colorado} {Front} {Range}},
	volume = {107},
	journal = {Forest Ecology and Management},
	author = {Negron, J.},
	year = {1998},
	pages = {71--85}
}

@article{peetForestVegetationColorado1981,
	title = {Forest vegetation of the {Colorado} front range},
	volume = {45},
	url = {http://link.springer.com/article/10.1007/BF00240202},
	number = {1},
	urldate = {2015-10-23},
	journal = {Vegetatio},
	author = {Peet, Robert K.},
	year = {1981},
	pages = {3--75},
	file = {Peet_1981.pdf:/Users/adriannafoster/Documents/Papers To Read/Peet_1981.pdf:application/pdf}
}

@book{shugartTheoryForestDynamics1984,
	address = {New York, NY},
	title = {A {Theory} of {Forest} {Dynamics}: {The} {Ecological} {Implications} of {Forest} {Succession} {Models}},
	publisher = {Springer Science \& Business Media},
	author = {Shugart, H.H.},
	year = {1984}
}

@book{shugartGlobalChangeTerrestrial2011,
	address = {Sussex, UK},
	title = {Global {Change} and the {Terrestrial} {Biosphere}},
	publisher = {Wiley-Blackwell},
	author = {Shugart, H.H. and Woodward, F.I.},
	year = {2011}
}

@book{schmidStandRatingsSpruce1976,
	title = {Stand ratings for spruce beetles},
	volume = {309},
	url = {http://books.google.com/books?hl=en&lr=&id=pddZMOAdeW0C&oi=fnd&dq=%22where+subalpine+fir+is+a+stand%22+%22of+trees+before+action+was+initiated.%22+%22ago,+it+is+unsatisfactory+today.+The+nation%22+%222Forester,+San+Juan+National+Forest,+Pagosa%22+&ots=183r56z_Ug&sig=EEr5jRHMfNU2EEC360azYP6XzLo},
	urldate = {2015-10-23},
	publisher = {US Dept. of Agriculture, Forest Service, Rocky Mountain Forest and Range Experiment Station},
	author = {Schmid, J. M. and Frye, R. Hs},
	year = {1976},
	file = {Schmid_Frye_1976.pdf:/Users/adriannafoster/Documents/Papers To Read/Schmid_Frye_1976.pdf:application/pdf}
}

@misc{burnsSilvicsNorthAmerica1990,
	title = {Silvics of {North} {America}: 1. {Conifers}; 2. {Hardwoods}. {Agricultural} {Handbook} 654},
	publisher = {U.S. Department of Agriculture, Forest Service, Washington, DC. vol. 2 877 p.},
	author = {Burns, R.M. and Honkala, B.H.},
	year = {1990}
}

@article{malmstromBioticDisturbanceAgents2000,
	title = {Biotic disturbance agents in the boreal forest: considerations for vegetation change models},
	volume = {6},
	journal = {Global Change Biology},
	author = {Malmstrom, C.M. and Raffa, K.F.},
	year = {2000},
	pages = {35--48},
	file = {Malmstrom_Raffa_2000_GCB_S1.pdf:/Users/adriannafoster/Documents/Papers To Read/Malmstrom_Raffa_2000_GCB_S1.pdf:application/pdf}
}

@article{zolubasModellingSpruceBark2009,
	title = {Modelling spruce bark beetle infestation probability},
	volume = {15},
	number = {1},
	journal = {Baltic Forestry},
	author = {Zolubas, P. and Negron, J. and Munson, A.S.},
	year = {2009},
	pages = {23--27}
}

@article{mezeiHostSiteFactors2014,
	title = {Host and site factors affecting tree mortality caused by the spruce bark beetle ({Ips} typographus) in mountainous conditions},
	volume = {331},
	journal = {Forest Ecology and Management},
	author = {Mezei, P. and Grodzki, W. and Blazenec, M. and Skvarenina, J. and Brandysova, V. and Jakus, R.},
	year = {2014},
	pages = {196--207}
}

@article{fosterModelbasedEvidenceCyclic2015,
	title = {Model-based evidence for cyclic phenomena in a high-elevation, two-species forest},
	volume = {19},
	doi = {10.1007/s10021-015-9945-y},
	number = {3},
	journal = {Ecosystems},
	author = {Foster, A.C. and Shugart, H.H. and Shuman, J.K.},
	year = {2015},
	pages = {437--449}
}

@article{shugartGapModelsTheir2018,
	title = {Gap models and their individual-based relativesin the assessment of the consequences of global change},
	volume = {13},
	doi = {10.1088/1748-9326/aaaacc},
	number = {3},
	journal = {Environmental Research Letters},
	author = {Shugart, H.H. and Wang, B. and Fischer, R. and Ma, J. and Fang, J. and Yan, X. and Huth, A. and Armstrong, A.},
	year = {2018}
}

@book{lunardiniHeatTransferCold1981,
	address = {New York},
	title = {Heat {Transfer} in {Cold} {Climates}},
	publisher = {Van Nostrand Reinhold},
	author = {Lunardini, V.J.},
	year = {1981}
}

@incollection{shugartModelingForestLandscapes1985,
	title = {Modeling forest landscapes and the role of disturbance in ecosystems and communities},
	booktitle = {The {Ecology} of {Natural} {Disturbance} and {Patch} {Dynamics}},
	publisher = {Elsevier},
	author = {Shugart, H.H. and Seagle, S.W.},
	editor = {Pickett, S.T.A. and White, P.S.},
	year = {1985},
	pages = {353--368}
}

@article{johnstoneFireClimateChange2010,
	title = {Fire, climate change, and forest resilience in interior {Alaska}},
	volume = {40},
	journal = {Canadian Journal of Forest Research},
	author = {Johnstone, J.F. and Chapin III,, F.S. and Hollingsworth, T.N. and Mack, M.C. and Romanovsky, V. and Turetsky, M.},
	year = {2010},
	pages = {1302--1312}
}

@incollection{chapiniiiFloristicDiversityVegetation2006,
	address = {Oxford},
	title = {Floristic {Diversity} and {Vegetation} {Distribution} in the {Alaskan} {Boreal} {Forest}},
	booktitle = {Alaska's {Changing} {Boreal} {Forest}},
	publisher = {Oxford University Press},
	author = {Chapin III, F.S. and Hollingsworth, T. and Murray, D.F. and Viereck,, L.A. and Walker, M.D.},
	editor = {Chapin III, F.S. and Oswood,, M.W. and Van Cleve, K. and Viereck, L.A. and Verbyla, D.L.},
	year = {2006},
	pages = {81--99}
}

@article{viereckVegetationSoilsForest1983,
	title = {Vegetation, soils, and forest productivity in selected forest types in interior {Alaska}},
	volume = {13},
	journal = {Canadian Journal of Forest Research},
	author = {Viereck, L.A. and Dyrness, C.T. and Van Cleve, K. and Foote, M.J.},
	year = {1983},
	pages = {703--720}
}

@book{viereckAlaskaTreesShrubs2007,
	address = {Fairbanks, AK},
	edition = {2},
	title = {Alaska {Trees} and {Shrubs}},
	publisher = {University of Alaska Press},
	author = {Viereck, L.A. and Little, E.L.},
	collaborator = {Murray, D.F. and Argus, G.W.},
	year = {2007}
}

@article{bonanCarbonNitrogenCycling1990,
	title = {Carbon and nitrogen cycling in {North} {American} boreal forests {I}. {Litter} quality and soil thermal effects in interior {Alaska}},
	volume = {10},
	journal = {Biogeochemistry},
	author = {Bonan, G.B.},
	year = {1990},
	pages = {1--28}
}

@techreport{pastorDevelopmentLinkedForest1985,
	address = {Oak Ridge National Laboratory},
	type = {Environmental {Sciences} {Division} {Publication}},
	title = {Development of a linked forest productivity-soil process model},
	number = {ORNL/TM-9519},
	institution = {USDA},
	author = {Pastor, J. and Post, W.M.},
	year = {1985},
	pages = {108}
}

@article{sturmEstimatingSnowWater2010,
	title = {Estimating snow water equivalent using snow depth data and climate classes},
	volume = {11},
	journal = {Journal of Hydrometeorology},
	author = {Sturm, M. and Taras, B. and Liston, G.E. and Derksen, C. and Jonas, T. and Lea, J.},
	year = {2010},
	pages = {1380--1394}
}

@book{jumikisThermalSoilMechanics1966,
	address = {New Burnswick, NJ},
	title = {Thermal {Soil} {Mechanics}},
	publisher = {Rutgers University Press},
	author = {Jumikis, A.R.},
	year = {1966}
}

@article{bosenFormulaApproximationSaturation1960,
	title = {A formula for approximation of the saturation vapor pressure over water},
	volume = {88},
	journal = {Monthly Weather Review},
	author = {Bosen, J.F.},
	year = {1960},
	pages = {275--276}
}

@article{jensenEstimatingEvapotranspirationSolar1963,
	title = {Estimating evapotranspiration from solar radiation},
	volume = {89},
	journal = {Journal of Irrigation and Drainage Engineering},
	author = {Jensen, M.E. and Haise, H.R.},
	year = {1963},
	pages = {15--41}
}

@book{campbellIntroductionEnvironmentalBiophysics1977,
	address = {New York, NY},
	title = {An {Introduction} to {Environmental} {Biophysics}},
	publisher = {Springer},
	author = {Campbell, G.S.},
	year = {1977}
}

@article{liuDailyInsoluationSurfaces1962,
	title = {Daily insoluation on surfaces tilted towards the equator.},
	volume = {67},
	journal = {American Society of Heating, Refrigerating, and Air-Conditioning Engineers},
	author = {Liu, B.Y.H and Jordan, R.C.},
	year = {1962},
	pages = {526--541}
}

@book{keithPrinciplesSolarEngineering1978,
	address = {Washington, D.C.},
	title = {Principles of {Solar} {Engineering}},
	publisher = {Hemisphere},
	author = {Keith, F. and Kreider, J.F.},
	year = {1978}
}

@book{rosenbergMicroclimate1983,
	address = {New York},
	title = {Microclimate},
	publisher = {Wiley},
	author = {Rosenberg, N.J. and Blad, B.L. and Verma, S.B.},
	year = {1983}
}

@article{vancleveProductivityNutrientCycling1983,
	title = {Productivity and nutrient cycling in taiga forest ecosystems},
	volume = {13},
	journal = {Canadian Journal of Forest Research},
	author = {Van Cleve, K. and Oliver, L. and Schlentner, R. and Viereck, L.A. and Dyrness, C.T.},
	year = {1983},
	pages = {747--766}
}

@techreport{waringSimpleModelHost1980,
	address = {Corvallis, OR},
	title = {A simple model of host resistance to bark beetles},
	number = {RN-65},
	institution = {Oregon State University, School of Forestry},
	author = {Waring, R.H. and Pitman, G.B.},
	year = {1980},
	pages = {2}
}

@article{larssonAttacksMountainPine1983,
	title = {Attacks of mountain pine beetle as related to tree vigor of ponderosa pine},
	volume = {29},
	number = {2},
	journal = {Forest Science},
	author = {Larsson, S. and Oren, R. and Waring, R.H. and Barrett, J.W.},
	year = {1983},
	pages = {395--402}
}

@article{temperliCrossscaleInteractionsBark2013,
	title = {Cross-scale interactions among bark beetles, climate change, and wind disturbances: a landscape modeling approach},
	volume = {83},
	number = {3},
	journal = {Ecological Monographs},
	author = {Temperli, C. and Bugmann, H. and Elkin, C.},
	year = {2013},
	pages = {383--402}
}

@article{richWindthrowMortalitySouthern2007,
	title = {Wind-throw mortality in the southern boreal forest: effects of species, diameter and stand age},
	volume = {95},
	journal = {Journal of Ecology},
	author = {Rich, R.L. and Frelich, L.E. and Reich, P.B.},
	year = {2007},
	pages = {1261--1273}
}

@article{seidlModellingTreeMortality2007,
	title = {Modelling tree mortality by bark beetle infestation in {Norway} spruce forests},
	volume = {206},
	number = {3-4},
	journal = {Ecological Modelling},
	author = {Seidl, R. and Baier, P. and Rammer, W. and Schopf, A. and Lexer, M.J.},
	year = {2007},
	pages = {383--399}
}

@article{mattsonRoleDroughtOutbreaks1987,
	title = {The role of drought in outbreaks of plant-eating insects},
	volume = {37},
	journal = {Bioscience},
	author = {Mattson, W.J. and Haack, R.A.},
	year = {1987},
	pages = {110--118}
}

@article{kalksteinEffectsClimaticStress1976,
	title = {Effects of climatic stress upon outbreaks of the southern pine beetle},
	volume = {5},
	journal = {Environmental Entomology},
	author = {Kalkstein, L.S.},
	year = {1976},
	pages = {653--658}
}

@article{reicoskyAccuracyHoulyAir1989,
	title = {Accuracy of houly air temperatures calculted from daily minima and maxima},
	volume = {46},
	journal = {Agricultural and Forest Meteorology},
	author = {Reicosky, D.C. and Winkelman, L.J. and Baker, J.M. and Baker, D.G.},
	year = {1989},
	pages = {193--209}
}

@article{emanuelSpectralAnalysisForest1978,
	title = {Spectral analysis of forest model time series},
	volume = {4},
	journal = {Ecological Modelling},
	author = {Emanuel, W.R. and West, D.C. and Shugart, H.H.},
	year = {1978},
	pages = {313--326}
}

@article{christiansenResistanceConifersBark1987,
	title = {Resistance of conifers to bark beetle attack: searching for general relationships.},
	volume = {22},
	journal = {Forest Ecology and Management},
	author = {Christiansen, E. and Waring, R.H. and Berryman, A.A.},
	year = {1987},
	pages = {89--106}
}

@article{hoodPredictingPostfireDouglasfir2007,
	title = {Predicting postfire {Douglas}-fir beetle attacks and tree mortality in the northern {Rocky} {Mountains}},
	volume = {37},
	journal = {Canadian Journal of Forest Research},
	author = {Hood, S. and Bentz, B.},
	year = {2007},
	pages = {1058--1069}
}

@incollection{mckenzieChapter15Global2009,
	title = {Chapter 15 {Global} {Warming} and {Stress} {Complexes} in {Forests} of {Western} {North} {America}},
	volume = {8},
	isbn = {978-0-08-055609-3},
	url = {http://linkinghub.elsevier.com/retrieve/pii/S1474817708000156},
	language = {en},
	urldate = {2015-10-22},
	booktitle = {Developments in {Environmental} {Science}},
	publisher = {Elsevier},
	author = {McKenzie, Donald and Peterson, David L. and Littell, Jeremy J.},
	year = {2009},
	pages = {319--337},
	file = {McKenzie_2009.pdf:/Users/adriannafoster/Documents/Papers To Read/McKenzie_2009.pdf:application/pdf}
}

@article{yanFAREASTForestGap2005,
	title = {{FAREAST}: a forest gap model to simulate dynamics and patterns of eastern {Eurasian} forests: {Simulation} of eastern {Eurasian} forests},
	volume = {32},
	issn = {03050270, 13652699},
	shorttitle = {{FAREAST}},
	url = {http://doi.wiley.com/10.1111/j.1365-2699.2005.01293.x},
	doi = {10.1111/j.1365-2699.2005.01293.x},
	language = {en},
	number = {9},
	urldate = {2015-10-20},
	journal = {Journal of Biogeography},
	author = {Yan, X. and Shugart, H. H.},
	month = aug,
	year = {2005},
	pages = {1641--1658},
	file = {Yan_Shugart_2005_J_Biogeog_32_pp1641to1658_FAREAST.pdf:/Users/adriannafoster/Documents/Papers To Read/Papers Read/Yan_Shugart_2005_J_Biogeog_32_pp1641to1658_FAREAST.pdf:application/pdf}
}

@article{bonanComputerModelSolar1989,
	title = {A computer model of the solar radiation, soil moisture, and soil thermal regimes in boreal forests},
	volume = {45},
	journal = {Ecological Modelling},
	author = {Bonan, G.B},
	year = {1989},
	pages = {275--306},
	file = {bonan ecomod 45 1989 272-306.pdf:/Users/adriannafoster/Documents/Papers To Read/Papers Read/bonan ecomod 45 1989 272-306.pdf:application/pdf}
}

@article{keaneFireBGCv2LandscapeFire2011,
	title = {The {FireBGCv}2 {Landscape} {Fire} {Succession} {Model}: {A} research simulation platform for exploring fire and vegetation dynamics},
	volume = {RMRS-GTR-55},
	journal = {USDA Forest Service General Technical Report},
	author = {Keane, R.E. and Loehman, R.A. and Holsinger, L.M.},
	year = {2011},
	pages = {145}
}

@article{dewalleSpatialTemporalVariations2002,
	title = {Spatial and temporal variations in snowmelt degree-day factors computed from snotel data in the upper {Rio} {Grande} {Basin}},
	journal = {Western Snow Conference 2002},
	author = {DeWalle, D.R. and Henderson, Z. and Rango, A.},
	year = {2002},
	pages = {73--81}
}

@article{singhDegreedayFactorsSnow2000,
	title = {Degree-day factors for snow and ice for {Dokriani} {Glacier}, {Garhwal} {Himalayas}},
	volume = {234},
	number = {1-2},
	journal = {Journal of Hydrology},
	author = {Singh, P. and Kumar, N. and Arora, M.},
	year = {2000},
	pages = {1--11}
}

@article{vanwagnerHeightCrownScorch1973,
	title = {Height of crown scorch in forest fires},
	volume = {3},
	journal = {Canadian Journal of Forest Research},
	author = {Van Wagner, C.E.},
	year = {1973},
	pages = {373--378}
}

@article{bonanSimulationMossTree1989,
	title = {Simulation of moss and tree dynamics in the boreal forests of interior {Alaska}},
	volume = {84},
	journal = {Vegetatio},
	author = {Bonan, G.B. and Korzukhin, M.D.},
	year = {1989},
	pages = {31--44}
}

@misc{nrcsNaturalResourcesConservation2017,
	title = {Natural {Resources} {Conservation} {Service}, {National} {Water} and {Climate} {Center}: {SNOTEL} {Site} {Fairbanks} {F}.{O}.},
	url = {https://wcc.sc.egov.usda.gov/nwcc/site?sitenum=1174&state=AK},
	author = {NRCS},
	year = {2017}
}

@article{fosterValidationApplicationForest2017,
	title = {Validation and application of a forest gap model to the southern {Rocky} {Mountains}},
	volume = {351},
	journal = {Ecological Modelling},
	author = {Foster, A.C. and Shuman, J.K. and Shugart, H.H. and Dwire, K.A. and Fornwalt, P.J. and Sibold, J. and Negron, J.},
	year = {2017},
	pages = {109--128}
}

@article{johnstoneChangesFireRegime2010,
	title = {Changes in fire regime break the legacy lock on successional trajectories in {Alaskan} boreal forest.},
	volume = {16},
	number = {4},
	journal = {Global Change Biology},
	author = {Johnstone, J.F. and Hollingsworth, T.N. and Chapin III, F.S. and Mack, M.C.},
	year = {2010},
	pages = {1281--1295}
}

@article{shumanFireDisturbanceClimate2017,
	title = {Fire disturbance and climate change: implications for {Russian} forests.},
	volume = {12},
	doi = {10.1088/1748-9326/aa5eed},
	journal = {Environmental Research Letters},
	author = {Shuman, J.K. and Foster, A.C. and Shugart, H.H. and Hoffman-Hall, A. and Krylov, A. and Loboda, T. and Ershov, D. and Sochilova, E.},
	year = {2017}
}

@incollection{nikolovSilvicsCircumpolarBoreal1992,
	address = {Cambridge, UK},
	title = {Silvics of the circumpolar boreal forest tree species},
	booktitle = {A {Systems} {Analysis} of the {Global} {Boreal} {Forest}},
	publisher = {Cambridge University Press},
	author = {Nikolov, N. and Helmisaari, H.},
	editor = {Shugart, H.H. and Leemans, R. and Bonan, G.B.},
	year = {1992},
	pages = {13--84}
}

@article{schumacherModelingImpactClimate2006,
	title = {Modeling the impact of climate and vegetation on fire regines in mountain landscapes},
	volume = {21},
	journal = {Landscape Ecology},
	author = {Schumacher, S. and Reineking, B. and Sibold, J. and Bugmann, H.},
	year = {2006},
	pages = {539--554}
}

@techreport{milesSpecificGravityOther2009,
	type = {Research {Note}},
	title = {Specific gravity and other properties of wood and bark for 156 tree species found in {North} {America}},
	number = {NRS-38},
	institution = {USDA Forest Service Northern Research Station},
	author = {Miles, P.D. and Smith, W.B.},
	year = {2009},
	pages = {39}
}

@article{fosterModelingInteractiveEffects2018,
	title = {Modeling the interactive effects of spruce beetle infestation and climate on subalpine vegetation},
	volume = {9},
	number = {10},
	journal = {Ecosphere},
	author = {Foster, A.C. and Shuman, J.K. and Shugart, H.H. and Negron, J.},
	year = {2018},
	pages = {e02437}
}

@incollection{vancleveForestSuccessionRelation1981,
	address = {New York, NY.},
	title = {Forest succession in relation to nutrient cycling in the boreal forest of {Alaska}},
	booktitle = {Forest {Succession}. {Concepts} and {Applications}},
	publisher = {Springer-Verlag},
	author = {Van Cleve, K. and Viereck, L.A.},
	editor = {West, D.C. and Shugart, H.H. and Botkin, D.B.},
	year = {1981},
	pages = {185--211}
}

@article{shinozakiQuantitativeAnalysisPlant1964,
	title = {A quantitative analysis of plant form - the pipe model theory. {I}. {Basic} analysis},
	volume = {14},
	journal = {Japanese Journal of Ecology},
	author = {Shinozaki, K. and Yoda, K. and Hozumi, K. and Kira, T.},
	year = {1964},
	pages = {19--105}
}

@article{brockCalculatingSolarRadiation1981,
	title = {Calculating solar radiation for ecological studies},
	volume = {14},
	journal = {Ecological Modelling},
	author = {Brock, T.D.},
	year = {1981},
	pages = {1--19}
}

@article{nichollsSolarRadiationCharts1979,
	title = {Solar radiation charts},
	volume = {22},
	number = {1},
	journal = {Solar Energy},
	author = {Nicholls, R.L. and Child, T.N.},
	year = {1979}
}

@article{kleinCalculationMonthlyAverage1977,
	title = {Calculation of monthly average insolation on tilted surfaces},
	volume = {19},
	journal = {Solar Energy},
	author = {Klein, S.A.},
	year = {1977},
	pages = {325--329}
}

@book{botkinForestDynamicsEcological1993,
	address = {New York, NY},
	title = {Forest {Dynamics}: {An} {Ecological} {Model}},
	publisher = {Oxford University Press},
	author = {Botkin, D.B.},
	year = {1993}
}

@article{pastorCalculatingThornthwaiteMather1984,
	title = {Calculating {Thornthwaite} and {Mather}'s actual evapotranspiration using an approximating function},
	volume = {14},
	journal = {Canadian Journal of Forest Research},
	author = {Pastor, J. and Post, W.M.},
	year = {1984},
	pages = {466--467}
}

@incollection{partonGeneralModelSoil1994,
	address = {ASA, CSSA and SSA, Madison, Wisconsin},
	title = {A general model for soil organic matter dynamics: sensitivity to litter chemistry, texture and mangement},
	booktitle = {Quantitative modeling of soil forming processes},
	publisher = {SSSA Spec. Publ. 35},
	author = {Parton, W.J. and Schimel, D.S. and Ojima, D.S. and Cole, C.V.},
	editor = {Bryant, R.B. and Arnold, R.W.},
	year = {1994},
	pages = {147--167}
}

@article{yarieFloodingEcosystemDynamics1998,
	series = {Flooding: {Natural} and {Managed}},
	title = {Flooding and ecosystem dynamics along the {Tanana} {River}},
	volume = {48},
	number = {9},
	journal = {BioScience},
	author = {Yarie, J. and Viereck, L. and Van Cleve, K. and Adams, P.},
	year = {1998},
	pages = {690--695}
}

@article{liuChangesSurfaceEnergy2005,
	title = {Changes in the surface energy budget after fire in boreal ecosystems of interior {Alaska}: {An} annual perspective},
	volume = {110},
	doi = {10.1029/2004JD005158},
	journal = {Journal of Geophysical Research},
	author = {Liu, H. and Randerson, J.T. and Lindfors, J. and Chapin III, F.S.},
	year = {2005},
	pages = {D13101}
}

@article{knauerBigleafPackageCalculation2018,
	title = {Bigleaf - {An} {R} package for the calculation of physical and physiological ecosystem properties from eddy covariance data},
	volume = {13},
	doi = {doi.org/10.1371/journal.pone.0201114},
	number = {8},
	journal = {PLOS ONE},
	author = {Knauer, J. and El-Madany, T.S. and Zaehle, S. and Migliavacca, M.},
	year = {2018},
	pages = {e0201114}
}

@article{nakaiCharacteristicsEvapotranspirationPermafrost2013,
	title = {Characteristics of evapotranspiration from a permafrost black spruce forest in interior {Alaska}},
	volume = {7},
	number = {2},
	journal = {Polar Science},
	author = {Nakai, T. and Kim, Y. and Busey, R.C. and Suzuki, R. and Nagai, S. and Kobayashi, H. and Park, H. and Sugiura, K. and Ito, A.},
	year = {2013},
	pages = {136--148}
}

@misc{vancleveBonanzaCreekLTER2018,
	title = {Bonanza {Creek} {LTER}: {Hourly} {Net} {Radiation}, {Up} and {Down} {Shortwave}/{Longwave} {Radiation} from 1992 to {Present} in the {Caribou}-{Poker} {Creeks} {Research} {Watershed} near {Fairbanks}, {Alaska}},
	publisher = {Bonanza Creek LTER - University of Alaska Fairbanks: BNZ:221},
	author = {Van Cleve, K. and Chapin, F.S. and Ruess, R.W.},
	year = {2018}
}

@misc{yarieLitterbagDecompositionStudy1997,
	title = {Litterbag decomposition study, {BCEF} {LTER} sites, 1989-1997},
	url = {http://www.lter.uaf.edu/data/data-detail/id/68},
	publisher = {Bonanza Creek LTER - University of Alaska Fairbanks: BNZ:68},
	author = {Yarie,, J. and Van Cleve, K.},
	year = {1997}
}

@misc{vancleveBonanzaCreekLTER2017,
	title = {Bonanza {Creek} {LTER}: {Hourly} {Air} {Temperature} {Measurements} (sample, min, max) at 50 cm and 150 cm from 1988 to {Present} in the {Bonanza} {Creek} {Experimental} {Forest} near {Fairbanks}, {Alaska}},
	url = {http://www.lter.uaf.edu/data/data-detail/id/1},
	publisher = {Bonanza Creek LTER - University of Alaska Fairbanks: BNZ:1},
	author = {Van Cleve, K. and Chapin, F.S. and Ruess, R.W.},
	year = {2017},
	note = {doi:10.6073/pasta/006bae44c88f7d8b6fabe8cfebee86ff}
}

@incollection{oechelRoleBryophytesNutrient1986,
	address = {New York},
	title = {The role of bryophytes in nutrient cycling in the taiga},
	booktitle = {Forest ecosystems in the {Alaskan} taiga},
	publisher = {Springer-Verlag},
	author = {Oechel, W.C. and Van Cleve, K.},
	editor = {Van Cleve, K. and Chapin, F.S. and Flanagan, P.W. and Viereck, L.A. and Dyrness, C.T.},
	year = {1986},
	pages = {121--137}
}

@book{larcherPhysiologicalPlantEcology1980,
	address = {Berlin},
	title = {Physiological plant ecology},
	publisher = {Springer-Verlag},
	author = {Larcher, W.},
	year = {1980}
}

@misc{jeanMurphyDomeMoss2017,
	title = {Murphy {Dome}: {Moss} ({Hylocomium} splendens) biomass results from a moss transplant and leaf litter manipulation experiment in three pairs of adjacent black spruce and birch stands},
	url = {http://www.lter.uaf.edu/data/data-detail/id/671},
	publisher = {Bonanza Creek LTER - University of Alaska Fairbanks: BNZ:671},
	author = {Jean, M. and Mack, M.C. and Johnstone, J.},
	year = {2017},
	note = {doi:10.6073/pasta/7df8bb07dbbd38f8eede86cfff05be04}
}

@article{fahnestockBiomassConsumptionSmoke1983,
	title = {Biomass consumption and smoke production by prehistoric and modern forest fires in western {Washington}},
	volume = {81},
	journal = {Journal of Forestry},
	author = {Fahnestock, G.R. and Agee, J.K.},
	year = {1983},
	pages = {653--656}
}

@article{zotero-878,
	file = {_.pdf:/Users/acfoster/Desktop/_.pdf:application/pdf}
}

@techreport{zhuBaselineProjectedFuture2016,
	address = {Reston, VA},
	type = {Professional {Paper}},
	title = {Baseline and {Projected} {Future} {Carbon} {Storage} and {Greenhouse}-{Gas} {Fluxes} in {Ecosystems} of {Alaska}},
	language = {en},
	number = {1826},
	institution = {US Geological Survey},
	author = {Zhu, Z. and McGuire, A.D.},
	year = {2016},
	pages = {208},
	file = {2016 - Professional Paper.pdf:/Users/acfoster/Desktop/2016 - Professional Paper.pdf:application/pdf}
}

@article{ruppModelingInfluenceTopographic2001,
	title = {Modeling the influence of topographic barriers on treeline advance at the forest-tundra ecotone in northwest {Alaska}},
	volume = {48},
	journal = {Climatic Change},
	author = {Rupp, T.S. and Chapin, F.S. and Starfield, A.M.},
	year = {2001},
	pages = {399--416}
}

@misc{yarieAirTemperatureSoil2007,
	title = {Air {Temperature}, {Soil} {Temperature}, {Precipitaiton}, {Snow} {Depth} at {Long} {Term} {Tree} {Growth} {Sites}; 1968-{Present} : {Weekly}},
	url = {http://www.lter.uaf.edu/data/data-detail/id/158},
	publisher = {Bonanza Creek LTER - University of Alaska Fairbanks: BNZ:68},
	author = {Yarie, J.},
	year = {2007}
}

@misc{chapinBonanzaCreekExperimental2009,
	title = {Bonanza {Creek} {Experimental} {Forest}: {Weekly} {TDR} measurements at core upland and floodplain sites},
	url = {http://www.lter.uaf.edu/data/data-detail/id/383},
	publisher = {Bonanza Creek LTER - University of Alaska Fairbanks: BNZ:383},
	author = {Chapin, F.S. and Ruess, R.W.},
	year = {2009},
	note = {doi:10.6073/pasta/60707803ec97e7142826173301033c62}
}

@misc{ruessBonanzaCreekExperimental2018,
	title = {Bonanza {Creek} {Experimental} {Forest}: {Active} {Layer} {Depth} or {Permafrost} {Presence} for the {Regional} {Site} {Network}},
	url = {http://www.lter.uaf.edu/data/data-detail/id/605},
	publisher = {Bonanza Creek LTER - University of Alaska Fairbanks: BNZ:605},
	author = {Ruess, R. and Hollingsworth, T.N.},
	year = {2018},
	note = {doi:10.6073/pasta/384e147c68e6d13dffc8d6cec2cb6312}
}

@misc{viereckBonanzaCreekLTER2018,
	title = {Bonanza {Creek} {LTER}: {Annual} {Active} {Layer} {Depths} at {Core} {Floodplain} {Sites} from 1990 to {Present} in the {Bonanza} {Creek} {Experimental} {Forest} near {Fairbanks}, {Alaska}},
	url = {http://www.lter.uaf.edu/data/data-detail/id/11},
	publisher = {Bonanza Creek LTER - University of Alaska Fairbanks: BNZ:11},
	author = {Viereck, L.A. and Van Cleve, K. and Chapin, F.S. and Ruess, R.W.},
	year = {2018},
	note = {doi:10.6073/pasta/a7b37d10ceff2a5f3d1589b07d50b6d4}
}

@book{leemansFORSKAGeneralForest1989,
	address = {Uppsala, Sweden},
	title = {{FORSKA}, a general forest succession model},
	publisher = {Institute of Ecological Botany},
	author = {Leemans, R. and Prentice, I.C.},
	year = {1989}
}

@book{pressNumericalRecipesPascal1989,
	address = {Cambridge, UK},
	edition = {1st},
	title = {Numerical {Recipes} in {Pascal} ({First} {Edition}): {The} {Art} of {Scientific} {Computing}},
	publisher = {Cambridge University Press},
	author = {Press, W.H. and Flannery, B.P. and Teukolsky, S.A. and Vetterling, W.T.},
	year = {1989}
}

@article{lecuyerEfficientPortableCombined1988,
	title = {Efficient and portable combined random number generators},
	volume = {31},
	number = {6},
	journal = {Communications of the ACM},
	author = {L'ecuyer, P.},
	year = {1988}
}

@book{bratleyGuideSimulation1987,
	address = {New York, N.Y.},
	edition = {2nd},
	title = {A {Guide} to {Simulation}},
	author = {Bratley, P. and Fox, B.L. and Schrage, L.E.},
	year = {1987}
}